@INPROCEEDINGS{Wong, 
author={H. Myint and P. Wong and L. Dooley and A. Hopgood}, 
booktitle={2015 14th IAPR International Conference on Machine Vision Applications (MVA)}, 
title={Tracking a table tennis ball for umpiring purposes}, 
year={2015}, 
volume={}, 
number={}, 
pages={170-173}, 
keywords={image capture;image colour analysis;image sequences;object tracking;video signal processing;colour merging;image sequence capture;occlusion;table tennis ball tracking;video capture;Cameras;Color;Image color analysis;Merging;Motion segmentation;Shape;Trajectory}, 
doi={10.1109/MVA.2015.7153160}, 
ISSN={}, 
month={May},}

@inproceedings{Boukhers,
 author = {Boukhers, Zeyd and Shirahama, Kimiaki and Li, Fr{\'e}d{\'e}ric and Grzegorzek, Marcin},
 title = {Extracting 3D Trajectories of Objects from 2D Videos Using Particle Filter},
 booktitle = {Proceedings of the 5th ACM on International Conference on Multimedia Retrieval},
 series = {ICMR '15},
 year = {2015},
 isbn = {978-1-4503-3274-3},
 location = {Shanghai, China},
 pages = {83--90},
 numpages = {8},
 url = {http://doi.acm.org/10.1145/2671188.2749331},
 doi = {10.1145/2671188.2749331},
 acmid = {2749331},
 publisher = {ACM},
 address = {New York, NY, USA},
 keywords = {3d trajectory extraction, depth estimation, event detection, object detection, particle filter},
}

